@book{李素贞,
  title={计算方法},
  author={李素贞,朱方生},
  journal={武汉大学出版社},
  year={2005},
}
@article{贺倩,
  title={人工智能技术的发展与应用},
  author={贺倩},
  journal={电力信息与通信技术},
  year={2017},
  number={9},
}

@book{陈敏,
  title={认知计算导论},
  author={李素贞,朱方生},
  journal={华中科技大学出版社},
  year={2017},
}

@book{Ray Kurzweil,
  title={The Future of Artificial Intelligence (Uncovering the Mysteries of Human Thinking)},
  author={Ray Kurzweil},
  journal={ Zhejiang People's Publishing House},
  year={2016},
}

@article{Stuart Russell,
  title={Max Tegmark ,Association for the Advancement of Artificial Intelligence},
  author={Stuart Russell, Daniel Dewey,Max Tegmark},
  journal={电力信息与通信技术},
  year={2017},
  number={9},
}
